<?xml version="1.0" encoding="UTF-8"?>
<record xmlns="http://www.loc.gov/MARC21/slim" xmlns:xsi="http://www.w3.org/2001/XMLSchema-instance" xsi:schemaLocation="http://www.loc.gov/MARC21/slim http://www.loc.gov/standards/marcxml/schema/MARC21slim.xsd">
<leader>00000cam a22      i 4500</leader>
<controlfield tag="001">001677516</controlfield>
<controlfield tag="003">NNU</controlfield>
<controlfield tag="005">20151012165820.0</controlfield>
<controlfield tag="008">861105r19701850iq            000 0 ara</controlfield>
<datafield tag="010" ind1=" " ind2=" ">
<subfield code="a">   72960552</subfield>
</datafield>
<datafield tag="035" ind1=" " ind2=" ">
<subfield code="a">(OCoLC)16616218</subfield>
</datafield>
<datafield tag="040" ind1=" " ind2=" ">
<subfield code="a">DLC</subfield>
<subfield code="b">eng</subfield>
<subfield code="c">NYP</subfield>
<subfield code="d">DLC</subfield>
<subfield code="d">CLU</subfield>
<subfield code="d">OCLCA</subfield>
<subfield code="d">OCLCQ</subfield>
<subfield code="d">OCLCF</subfield>
<subfield code="d">OCLCO</subfield>
<subfield code="d">NNU</subfield>
</datafield>
<datafield tag="042" ind1=" " ind2=" ">
<subfield code="a">premarc</subfield>
</datafield>
<datafield tag="050" ind1="0" ind2="0">
<subfield code="a">CS2970</subfield>
<subfield code="b">.M78 1970z</subfield>
</datafield>
<datafield tag="100" ind1="0" ind2=" ">
<subfield code="6">880-01</subfield>
<subfield code="a">Muḥammad ibn Ḥabīb,</subfield>
<subfield code="d">-860.</subfield>
</datafield>
<datafield tag="245" ind1="1" ind2="0">
<subfield code="6">880-02</subfield>
<subfield code="a">Mukhtalaf al-qabāʼil wa-muʼtalafihā /</subfield>
<subfield code="c">taʼlīf Abī Jaʻfar Muḥammad ibn Ḥabīb al-Baghdādī. Iʻtaná bi-nashrih Fardīnānd Vastinfild.</subfield>
</datafield>
<datafield tag="246" ind1="1" ind2="5">
<subfield code="6">880-03</subfield>
<subfield code="a">Kitāb Mukhtalif al-qabāʼil wa-mūtalifihā</subfield>
</datafield>
<datafield tag="246" ind1="3" ind2="0">
<subfield code="6">880-04</subfield>
<subfield code="a">Kitāb Mukhtalif al-qabāʼil wa-mūtalifihā</subfield>
</datafield>
<datafield tag="260" ind1=" " ind2=" ">
<subfield code="6">880-05</subfield>
<subfield code="a">Baghdād :</subfield>
<subfield code="b">Maktabat al-Muthanná</subfield>
<subfield code="c">[197-?]</subfield>
</datafield>
<datafield tag="300" ind1=" " ind2=" ">
<subfield code="a">52, viii pages ;</subfield>
<subfield code="c">22 cm</subfield>
</datafield>
<datafield tag="336" ind1=" " ind2=" ">
<subfield code="a">text</subfield>
<subfield code="b">txt</subfield>
<subfield code="2">rdacontent</subfield>
</datafield>
<datafield tag="337" ind1=" " ind2=" ">
<subfield code="a">unmediated</subfield>
<subfield code="b">n</subfield>
<subfield code="2">rdamedia</subfield>
</datafield>
<datafield tag="338" ind1=" " ind2=" ">
<subfield code="a">volume</subfield>
<subfield code="b">nc</subfield>
<subfield code="2">rdacarrier</subfield>
</datafield>
<datafield tag="500" ind1=" " ind2=" ">
<subfield code="a">In Arabic.</subfield>
</datafield>
<datafield tag="500" ind1=" " ind2=" ">
<subfield code="a">Cover title.</subfield>
</datafield>
<datafield tag="500" ind1=" " ind2=" ">
<subfield code="a">Added t.p.: Über die Gleichheit und Verschiedenheit der [a]rabischen Stämmenamen [von] Muḥammed ben Ḥabib.</subfield>
</datafield>
<datafield tag="500" ind1=" " ind2=" ">
<subfield code="a">Reproduced from ms. copy.</subfield>
</datafield>
<datafield tag="500" ind1=" " ind2=" ">
<subfield code="a">Reprint of the 1850 ed.</subfield>
</datafield>
<datafield tag="530" ind1=" " ind2=" ">
<subfield code="a">Also issued online.</subfield>
</datafield>
<datafield tag="650" ind1=" " ind2="0">
<subfield code="a">Names, Personal</subfield>
<subfield code="x">Arabic</subfield>
</datafield>
<datafield tag="650" ind1=" " ind2="7">
<subfield code="a">Names, Personal</subfield>
<subfield code="x">Arabic.</subfield>
<subfield code="2">fast</subfield>
<subfield code="0">(OCoLC)fst01751766</subfield>
</datafield>
<datafield tag="700" ind1="1" ind2=" ">
<subfield code="6">880-06</subfield>
<subfield code="a">Wüstenfeld, Ferdinand,</subfield>
<subfield code="d">1808-1899,</subfield>
<subfield code="e">editor.</subfield>
</datafield>
<datafield tag="740" ind1="0" ind2=" ">
<subfield code="a">Über die Gleichheit und Verschiedenheit der arabischen Stämmenamen.</subfield>
</datafield>
<datafield tag="776" ind1="0" ind2="8">
<subfield code="i">Online version:</subfield>
<subfield code="a">Muḥammad ibn Ḥabīb, -860.</subfield>
<subfield code="t">Mukhtalaf al-qabāʼil wa-muʼtalafihā.</subfield>
<subfield code="d">Baghdād, Maktabat al-Muthanná [197-?]</subfield>
<subfield code="w">(OCoLC)599978068</subfield>
</datafield>
<datafield tag="880" ind1="0" ind2=" ">
<subfield code="6">100-01/</subfield>
<subfield code="a">محمد بن حبيب،,</subfield>
<subfield code="d">-860.</subfield>
</datafield>
<datafield tag="880" ind1="1" ind2="0">
<subfield code="6">245-02/</subfield>
<subfield code="a">مختلف القبائل ومؤتلفها /</subfield>
<subfield code="c">تأليف أبي جعفر محمد بن حبيب البغدادي ؛ اعتنى بنشره فرديناند ڤستنفلد.</subfield>
</datafield>
<datafield tag="880" ind1="1" ind2="5">
<subfield code="6">246-03/</subfield>
<subfield code="a">كتاب مختلف القبائل ومؤتلفها</subfield>
</datafield>
<datafield tag="880" ind1="3" ind2="0">
<subfield code="6">246-04/</subfield>
<subfield code="a">مختلف القبائل ومؤتلفها</subfield>
</datafield>
<datafield tag="880" ind1=" " ind2=" ">
<subfield code="6">260-05/</subfield>
<subfield code="a">بغداد :</subfield>
<subfield code="b">مكتبة المثنى،</subfield>
<subfield code="c">[197-?]</subfield>
</datafield>
<datafield tag="880" ind1="1" ind2=" ">
<subfield code="6">700-06/</subfield>
<subfield code="a">ڤستنفد، فرديناند.</subfield>
</datafield>
<datafield tag="OWN" ind1=" " ind2=" ">
<subfield code="a">GENERAL</subfield>
</datafield>
<datafield tag="AVA" ind1=" " ind2=" ">
<subfield code="a">NYU50</subfield>
<subfield code="b">BOBST</subfield>
<subfield code="c">Main Collection</subfield>
<subfield code="d">CS2970 .M78 1970z</subfield>
<subfield code="e">unavailable</subfield>
<subfield code="t">Unavailable</subfield>
<subfield code="f">1</subfield>
<subfield code="g">1</subfield>
<subfield code="h">N</subfield>
<subfield code="i">0</subfield>
<subfield code="j">MAIN</subfield>
<subfield code="k">0</subfield>
</datafield>
</record>
